@inbook{graphtheory,
  title={Graph theory},
  author={Bollob{\'a}s, B{\'e}la},
  year={1982},
  publisher={Elsevier},
  pages={94}
}
@inbook{even2011graph,
  title={Graph algorithms},
  author={Even, Shimon},
  year={2011},
  publisher={Cambridge University Press},
  pages={11--14}
}
@article{misra1992constructive,
  title={A constructive proof of Vizing's theorem},
  author={Misra, Jayadev and Gries, David},
  journal={Information Processing Letters},
  volume={41},
  number={3},
  pages={131--133},
  year={1992},
  publisher={Elsevier}
}
@article{berge1991short,
  title={A short proof for a generalization of Vizing's theorem},
  author={Berge, Claude and Fournier, Jean Claude},
  journal={Journal of graph theory},
  volume={15},
  number={3},
  pages={333--336},
  year={1991},
  publisher={Wiley Online Library}
}